@online{lipsum,
	author = {Marcus Tulius Ciceros},
	title = {Lorem Ipsum},
	date = {14/06/2017},
	url = {http://www.lipsum.com/},
}

@online{remove-punc,
	author = {John Anderson},
	title = {GoRewrite.com},
	date = {14/06/2017},
	url = {http://www.gorewrite.com/modify.html},
}

@online{quicksort-wiki,
	author = {Wikipedia},
	title = {Quicksort - Wikipedia},
	date = {14/06/2017},
	url = {https://en.wikipedia.org/wiki/Quicksort},
}